@article{chandola2007outlier,
  title={Outlier detection: A survey},
  author={Chandola, Varun and Banerjee, Arindam and Kumar, Vipin},
  journal={ACM Computing Surveys},
  volume={14},
  pages={15},
  year={2007}
}

@inproceedings{zhai2017robust,
  title={Robust variational auto-encoder for radar HRRP target recognition},
  author={Zhai, Ying and Chen, Bo and Zhang, Hao and Wang, Zhengjue},
  booktitle={International Conference on Intelligent Science and Big Data Engineering},
  pages={356--367},
  year={2017},
  organization={Springer}
}
@article{eduardo2019robust,
  title={Robust Variational Autoencoders for Outlier Detection in Mixed-Type Data},
  author={Eduardo, Sim{\~a}o and Naz{\'a}bal, Alfredo and Williams, Christopher KI and Sutton, Charles},
  journal={arXiv preprint arXiv:1907.06671},
  year={2019}
}
@inproceedings{yao2019unsupervised,
  title={Unsupervised Anomaly Detection Using Variational Auto-Encoder based Feature Extraction},
  author={Yao, Rong and Liu, Chongdang and Zhang, Linxuan and Peng, Peng},
  booktitle={2019 IEEE International Conference on Prognostics and Health Management (ICPHM)},
  pages={1--7},
  year={2019},
  organization={IEEE}
}
@article{eguchi2010entropy,
  title={Entropy and divergence associated with power function and the statistical application},
  author={Eguchi, Shinto and Kato, Shogo},
  journal={Entropy},
  volume={12},
  number={2},
  pages={262--274},
  year={2010},
  publisher={Molecular Diversity Preservation International}
}

@article{erfani2016high,
  title={High-dimensional and large-scale anomaly detection using a linear one-class SVM with deep learning},
  author={Erfani, Sarah M and Rajasegarar, Sutharshan and Karunasekera, Shanika and Leckie, Christopher},
  journal={Pattern Recognition},
  volume={58},
  pages={121--134},
  year={2016},
  publisher={Elsevier}
}

@inproceedings{munz2007traffic,
  title={Traffic anomaly detection using k-means clustering},
  author={M{\"u}nz, Gerhard and Li, Sa and Carle, Georg},
  booktitle={GI/ITG Workshop MMBnet},
  pages={13--14},
  year={2007}
}

@article{an2015variational,
  title={Variational autoencoder based anomaly detection using reconstruction probability},
  author={An, Jinwon and Cho, Sungzoon},
  journal={Special Lecture on IE},
  volume={2},
  number={1},
  year={2015}
}

@article{futami2017variational,
  title={Variational inference based on robust divergences},
  author={Futami, Futoshi and Sato, Issei and Sugiyama, Masashi},
  journal={arXiv preprint arXiv:1710.06595},
  year={2017}
}

@article{kingma2013auto,
  title={Auto-encoding variational bayes},
  author={Kingma, Diederik P and Welling, Max},
  journal={arXiv preprint arXiv:1312.6114},
  year={2013}
}

@article{tolstikhin2017wasserstein,
  title={Wasserstein auto-encoders},
  author={Tolstikhin, Ilya and Bousquet, Olivier and Gelly, Sylvain and Schoelkopf, Bernhard},
  journal={arXiv preprint arXiv:1711.01558},
  year={2017}
}

@article{basu1998robust,
  title={Robust and efficient estimation by minimising a density power divergence},
  author={Basu, Ayanendranath and Harris, Ian R and Hjort, Nils L and Jones, MC},
  journal={Biometrika},
  volume={85},
  number={3},
  pages={549--559},
  year={1998},
  publisher={Oxford University Press}
}

@article{beggel2019robust,
  title={Robust anomaly detection in images using adversarial autoencoders},
  author={Beggel, Laura and Pfeiffer, Michael and Bischl, Bernd},
  journal={arXiv preprint arXiv:1901.06355},
  year={2019}
}

@inproceedings{zhou2017anomaly,
  title={Anomaly detection with robust deep autoencoders},
  author={Zhou, Chong and Paffenroth, Randy C},
  booktitle={Proceedings of the 23rd ACM SIGKDD International Conference on Knowledge Discovery and Data Mining},
  pages={665--674},
  year={2017}
}

@article{candes2011robust,
  title={Robust principal component analysis?},
  author={Cand{\`e}s, Emmanuel J and Li, Xiaodong and Ma, Yi and Wright, John},
  journal={Journal of the ACM (JACM)},
  volume={58},
  number={3},
  pages={1--37},
  year={2011},
  publisher={ACM New York, NY, USA}
}

@article{ghosh2019variational,
  title={From variational to deterministic autoencoders},
  author={Ghosh, Partha and Sajjadi, Mehdi SM and Vergari, Antonio and Black, Michael and Sch{\"o}lkopf, Bernhard},
  journal={arXiv preprint arXiv:1903.12436},
  year={2019}
}

@inproceedings{hoffman2016elbo,
  title={Elbo surgery: yet another way to carve up the variational evidence lower bound},
  author={Hoffman, Matthew D and Johnson, Matthew J},
  booktitle={Workshop in Advances in Approximate Bayesian Inference, NIPS},
  volume={1},
  pages={2},
  year={2016}
}

@article{gretton2012kernel,
  title={A kernel two-sample test},
  author={Gretton, Arthur and Borgwardt, Karsten M and Rasch, Malte J and Sch{\"o}lkopf, Bernhard and Smola, Alexander},
  journal={Journal of Machine Learning Research},
  volume={13},
  number={Mar},
  pages={723--773},
  year={2012}
}

@inproceedings{goodfellow2014generative,
  title={Generative adversarial nets},
  author={Goodfellow, Ian and Pouget-Abadie, Jean and Mirza, Mehdi and Xu, Bing and Warde-Farley, David and Ozair, Sherjil and Courville, Aaron and Bengio, Yoshua},
  booktitle={Advances in neural information processing systems},
  pages={2672--2680},
  year={2014}
}

@misc{kdd99,
  author = {The UCI KDD Archive},
  title = {KDD Cup 1999 Data},
  howpublished = "\url{http://kdd.ics.uci.edu/databases/kddcup99/kddcup99.html}",
  year = {1999}, 
  note = "[Online; accessed May 2020]"
}

@misc{nslkdd,
  author = {Canadian Institute for Cybersecurity},
  title = {NSL-KDD dataset},
  howpublished = "\url{https://www.unb.ca/cic/datasets/nsl.html}",
  note = "[Online; accessed May 2020]"
}

@misc{unsw,
  author = {ACCS},
  title = {UNSW-NB15},
  howpublished = "\url{https://www.unsw.adfa.edu.au/unsw-canberra-cyber/cybersecurity/ADFA-NB15-Datasets/}",
  note = "[Online; accessed May 2020]"
}

@inproceedings{sohn2015learning,
  title={Learning structured output representation using deep conditional generative models},
  author={Sohn, Kihyuk and Lee, Honglak and Yan, Xinchen},
  booktitle={Advances in neural information processing systems},
  pages={3483--3491},
  year={2015}
}


@article{oliphant2007python,
  title={Python for scientific computing},
  author={Oliphant, Travis E},
  journal={Computing in Science \& Engineering},
  volume={9},
  number={3},
  year={2007},
  publisher={IEEE}
}

@article{pedregosa2011scikit,
  title={Scikit-learn: Machine learning in Python},
  author={Pedregosa, Fabian and Varoquaux, Ga{\"e}l and Gramfort, Alexandre and Michel, Vincent and Thirion, Bertrand and Grisel, Olivier and Blondel, Mathieu and Prettenhofer, Peter and Weiss, Ron and Dubourg, Vincent and others},
  journal={Journal of machine learning research},
  volume={12},
  number={Oct},
  pages={2825--2830},
  year={2011}
}

@article{walt2011numpy,
  title={The NumPy array: a structure for efficient numerical computation},
  author={Walt, St{\'e}fan van der and Colbert, S Chris and Varoquaux, Gael},
  journal={Computing in Science \& Engineering},
  volume={13},
  number={2},
  pages={22--30},
  year={2011},
  publisher={IEEE}
}

@article{kingma2014adam,
  title={Adam: A method for stochastic optimization},
  author={Kingma, Diederik P and Ba, Jimmy},
  journal={arXiv preprint arXiv:1412.6980},
  year={2014}
}

@article{akrami2019robust,
  title={Robust Variational Autoencoder},
  author={Akrami, Haleh and Joshi, Anand A and Li, Jian and Aydore, Sergul and Leahy, Richard M},
  journal={arXiv preprint arXiv:1905.09961},
  year={2019}
}


@inproceedings{paszke2019pytorch,
  title={PyTorch: An imperative style, high-performance deep learning library},
  author={Paszke, Adam and Gross, Sam and Massa, Francisco and Lerer, Adam and Bradbury, James and Chanan, Gregory and Killeen, Trevor and Lin, Zeming and Gimelshein, Natalia and Antiga, Luca and others},
  booktitle={Advances in Neural Information Processing Systems},
  pages={8024--8035},
  year={2019}
}
